% This file was created with JabRef 2.9.2.
% Encoding: UTF-8

@ARTICLE{Blinn_1976,
  author = {Blinn, James F. and Newell, Martin E.},
  title = {Texture and Reflection in Computer Generated Images},
  journal = {Commun. ACM},
  year = {1976},
  volume = {19},
  pages = {542--547},
  number = {10},
  month = oct,
  acmid = {360353},
  address = {New York, NY, USA},
  doi = {10.1145/360349.360353},
  issn = {0001-0782},
  issue_date = {Oct. 1976},
  keywords = {computer graphics, graphic display, hidden surface removal, shading},
  numpages = {6},
  publisher = {ACM},
  url = {http://doi.acm.org/10.1145/360349.360353}
}

@INPROCEEDINGS{Cabral_1999,
  author = {Cabral, Brian and Olano, Marc and Nemec, Philip},
  title = {Reflection Space Image Based Rendering},
  booktitle = {Proceedings of the 26th Annual Conference on Computer Graphics and
	Interactive Techniques},
  year = {1999},
  series = {SIGGRAPH '99},
  pages = {165--170},
  address = {New York, NY, USA},
  publisher = {ACM Press/Addison-Wesley Publishing Co.},
  acmid = {311553},
  doi = {10.1145/311535.311553},
  isbn = {0-201-48560-5},
  keywords = {image based rendering, interactive rendering and shading, reflection
	mapping, texture mapping},
  numpages = {6},
  url = {http://dx.doi.org/10.1145/311535.311553}
}

@INPROCEEDINGS{Chuang_2000,
  author = {Chuang, Yung-Yu and Zongker, Douglas E. and Hindorff, Joel and Curless,
	Brian and Salesin, David H. and Szeliski, Richard},
  title = {Environment Matting Extensions: Towards Higher Accuracy and Real-time
	Capture},
  booktitle = {Proceedings of the 27th Annual Conference on Computer Graphics and
	Interactive Techniques},
  year = {2000},
  series = {SIGGRAPH '00},
  pages = {121--130},
  address = {New York, NY, USA},
  publisher = {ACM Press/Addison-Wesley Publishing Co.},
  acmid = {344844},
  doi = {10.1145/344779.344844},
  isbn = {1-58113-208-5},
  keywords = {alpha channel, augmented reality, blue spill, blue-screen matting,
	clip art, colored transparency, environment map, environment matte,
	image-based rendering, real-time capture, reflection, refraction},
  numpages = {10},
  url = {http://dx.doi.org/10.1145/344779.344844}
}

@INPROCEEDINGS{Debevec_1998,
  author = {Debevec, Paul},
  title = {Rendering Synthetic Objects into Real Scenes: Bridging Traditional
	and Image-based Graphics with Global Illumination and High Dynamic
	Range Photography},
  booktitle = {Proceedings of the 25th Annual Conference on Computer Graphics and
	Interactive Techniques},
  year = {1998},
  series = {SIGGRAPH '98},
  pages = {189--198},
  address = {New York, NY, USA},
  publisher = {ACM},
  acmid = {280864},
  doi = {10.1145/280814.280864},
  isbn = {0-89791-999-8},
  numpages = {10},
  url = {http://doi.acm.org/10.1145/280814.280864}
}

@INPROCEEDINGS{Debevec_2000,
  author = {Debevec, Paul and Hawkins, Tim and Tchou, Chris and Duiker, Haarm-Pieter
	and Sarokin, Westley and Sagar, Mark},
  title = {Acquiring the Reflectance Field of a Human Face},
  booktitle = {Proceedings of the 27th Annual Conference on Computer Graphics and
	Interactive Techniques},
  year = {2000},
  series = {SIGGRAPH '00},
  pages = {145--156},
  address = {New York, NY, USA},
  publisher = {ACM Press/Addison-Wesley Publishing Co.},
  acmid = {344855},
  doi = {10.1145/344779.344855},
  isbn = {1-58113-208-5},
  keywords = {facial animation, image-based modeling, rendering and lighting},
  numpages = {12},
  url = {http://dx.doi.org/10.1145/344779.344855}
}

@ARTICLE{Debevec_2002,
  author = {Debevec, Paul and Wenger, Andreas and Tchou, Chris and Gardner, Andrew
	and Waese, Jamie and Hawkins, Tim},
  title = {A Lighting Reproduction Approach to Live-action Compositing},
  journal = {ACM Trans. Graph.},
  year = {2002},
  volume = {21},
  pages = {547--556},
  number = {3},
  month = jul,
  acmid = {566614},
  address = {New York, NY, USA},
  doi = {10.1145/566654.566614},
  issn = {0730-0301},
  issue_date = {July 2002},
  keywords = {global illumination, image-based lighting, matting and compositing,
	radiosity, reflectance and shading},
  numpages = {10},
  publisher = {ACM},
  url = {http://doi.acm.org/10.1145/566654.566614}
}

@INPROCEEDINGS{Debevec_1997,
  author = {Debevec, Paul E. and Malik, Jitendra},
  title = {Recovering High Dynamic Range Radiance Maps from Photographs},
  booktitle = {Proceedings of the 24th Annual Conference on Computer Graphics and
	Interactive Techniques},
  year = {1997},
  series = {SIGGRAPH '97},
  pages = {369--378},
  address = {New York, NY, USA},
  publisher = {ACM Press/Addison-Wesley Publishing Co.},
  acmid = {258884},
  doi = {10.1145/258734.258884},
  isbn = {0-89791-896-7},
  numpages = {10},
  url = {http://dx.doi.org/10.1145/258734.258884}
}

@INPROCEEDINGS{Fuchs_2005,
  author = {Fuchs, Martin and Blanz, Volker and Seidel, Hans-Peter},
  title = {Bayesian Relighting},
  booktitle = {Proceedings of the Sixteenth Eurographics Conference on Rendering
	Techniques},
  year = {2005},
  series = {EGSR'05},
  pages = {157--164},
  address = {Aire-la-Ville, Switzerland, Switzerland},
  publisher = {Eurographics Association},
  acmid = {2383677},
  doi = {10.2312/EGWR/EGSR05/157-164},
  isbn = {3-905673-23-1},
  location = {Konstanz, Germany},
  numpages = {8},
  url = {http://dx.doi.org/10.2312/EGWR/EGSR05/157-164}
}

@techreport{Lamond_2006,
  title={Relighting Character Motion for Photoreal Simulations},
  author={Lamond, Bruce and Chabert, Charles-Felix and Einarsson, Per and Jones, Andrew and Ma, Wan-Chun and Hawkins, Tim and Bolas, Mark and Sylwan, Sebastian and Debevec, Paul},
  year={2006},
  institution={DTIC Document},
}



%@INPROCEEDINGS{Hawkins_2005,
%  author = {Hawkins, Tim and Einarsson, Per and Debevec, Paul},
%  title = {A Dual Light Stage},
%  booktitle = {Proceedings of the Sixteenth Eurographics Conference on Rendering
%	Techniques},
%  year = {2005},
%  series = {EGSR'05},
%  pages = {91--98},
%  address = {Aire-la-Ville, Switzerland, Switzerland},
%  publisher = {Eurographics Association},
%  acmid = {2383666},
%  doi = {10.2312/EGWR/EGSR05/091-098},
%  isbn = {3-905673-23-1},
%  location = {Konstanz, Germany},
%  numpages = {8},
%  url = {http://dx.doi.org/10.2312/EGWR/EGSR05/091-098}
%}
%
%%@INPROCEEDINGS{Lensch_2005,
%  author = {Lensch, Hendrik P. A. and Goesele, Michael and Chuang, Yung-Yu and
%	Hawkins, Tim and Marschner, Steve and Matusik, Wojciech and Mueller,
%	Gero},
%  title = {Realistic Materials in Computer Graphics},
%  booktitle = {ACM SIGGRAPH 2005 Courses},
%  year = {2005},
%  series = {SIGGRAPH '05},
%  address = {New York, NY, USA},
%  publisher = {ACM},
%  acmid = {1198601},
%  articleno = {1},
%  doi = {10.1145/1198555.1198601},
%  location = {Los Angeles, California},
%  url = {http://doi.acm.org/10.1145/1198555.1198601}
%}

@INPROCEEDINGS{Matusik_2002,
  author = {Matusik, Wojciech and Pfister, Hanspeter and Ngan, Addy and Beardsley,
	Paul and Ziegler, Remo and McMillan, Leonard},
  title = {Image-based 3D Photography Using Opacity Hulls},
  booktitle = {Proceedings of the 29th Annual Conference on Computer Graphics and
	Interactive Techniques},
  year = {2002},
  series = {SIGGRAPH '02},
  pages = {427--437},
  address = {New York, NY, USA},
  publisher = {ACM},
  acmid = {566599},
  doi = {10.1145/566570.566599},
  isbn = {1-58113-521-1},
  keywords = {3D photography, image-based rendering},
  location = {San Antonio, Texas},
  numpages = {11},
  url = {http://doi.acm.org/10.1145/566570.566599}
}

@INPROCEEDINGS{Robertson_1999,
  author = {Robertson, M.A. and Borman, S. and Stevenson, R.L.},
  title = {Dynamic range improvement through multiple exposures},
  booktitle = {Image Processing, 1999. ICIP 99. Proceedings. 1999 International
	Conference on},
  year = {1999},
  volume = {3},
  pages = {159-163 vol.3},
  doi = {10.1109/ICIP.1999.817091},
  keywords = {calibration;cameras;image enhancement;photography;digital cameras;dynamic
	range improvement;effective dynamic range;multiple exposures;multiple
	photographs;multiply-exposed input images;Analog-digital conversion;Calibration;Charge
	coupled devices;Charge-coupled image sensors;Costs;Digital cameras;Dynamic
	range;Layout;Lighting control;Quantization}
}


@INPROCEEDINGS{Smith_1996,
  author = {Smith, Alvy Ray and Blinn, James F.},
  title = {Blue Screen Matting},
  booktitle = {Proceedings of the 23rd Annual Conference on Computer Graphics and
	Interactive Techniques},
  year = {1996},
  series = {SIGGRAPH '96},
  pages = {259--268},
  address = {New York, NY, USA},
  publisher = {ACM},
  acmid = {237263},
  doi = {10.1145/237170.237263},
  isbn = {0-89791-746-4},
  keywords = {alpha channel, backing impurities, backing shadows, blue screen matte
	creation, blue spill, chromakey, compositing, flare, separating surfaces,
	triangulation matting},
  numpages = {10},
  url = {http://doi.acm.org/10.1145/237170.237263}
}

@ARTICLE{Tunwattanapong_2013,
  author = {Tunwattanapong, Borom and Fyffe, Graham and Graham, Paul and Busch,
	Jay and Yu, Xueming and Ghosh, Abhijeet and Debevec, Paul},
  title = {Acquiring Reflectance and Shape from Continuous Spherical Harmonic
	Illumination},
  journal = {ACM Trans. Graph.},
  year = {2013},
  volume = {32},
  pages = {109:1--109:12},
  number = {4},
  month = jul,
  acmid = {2461944},
  address = {New York, NY, USA},
  articleno = {109},
  doi = {10.1145/2461912.2461944},
  issn = {0730-0301},
  issue_date = {July 2013},
  keywords = {specular scanning, spherical harmonics, spherical illumination},
  numpages = {12},
  publisher = {ACM},
  url = {http://doi.acm.org/10.1145/2461912.2461944}
}

@ARTICLE{Szeliski_1996,
  author = {Szeliski, Richard},
  title = {Video Mosaics for Virtual Environments},
  journal = {IEEE Comput. Graph. Appl.},
  year = {1996},
  volume = {16},
  pages = {22--30},
  number = {2},
  month = mar,
  acmid = {1437353},
  address = {Los Alamitos, CA, USA},
  doi = {10.1109/38.486677},
  issn = {0272-1716},
  issue_date = {March 1996},
  keywords = {image processing, visual mosaicing, virtual reality, virtual environments},
  numpages = {9},
  publisher = {IEEE Computer Society Press},
  url = {http://dx.doi.org/10.1109/38.486677}
}
@inproceedings{Raskar_1999,
 author = {Raskar, Ramesh and Brown, Michael S. and Yang, Ruigang and Chen, Wei-Chao and Welch, Greg and Towles, Herman and Seales, Brent and Fuchs, Henry},
 title = {Multi-projector Displays Using Camera-based Registration},
 booktitle = {Proceedings of the Conference on Visualization '99: Celebrating Ten Years},
 series = {VIS '99},
 year = {1999},
 isbn = {0-7803-5897-X},
 location = {San Francisco, California, USA},
 pages = {161--168},
 numpages = {8},
 url = {http://dl.acm.org/citation.cfm?id=319351.319370},
 acmid = {319370},
 publisher = {IEEE Computer Society Press},
 address = {Los Alamitos, CA, USA},
 keywords = {auto-calibration, calibration, camera-based registration, depth, display, image-based modeling, intensity blending, panoramic image display, projection, spatially immersive display, structrued light, virtual environments},
} 




@INPROCEEDINGS{Wagner_2009,
  author = {Wagner, Daniel and Schmalstieg, D.},
  title = {History and Future of Tracking for Mobile Phone Augmented Reality},
  booktitle = {Ubiquitous Virtual Reality, 2009. ISUVR '09. International Symposium
	on},
  year = {2009},
  pages = {7-10},
  doi = {10.1109/ISUVR.2009.11},
  keywords = {augmented reality;mobile computing;marker tracking;mobile phone augmented
	reality;natural feature tracking;Augmented reality;Cameras;Computer
	vision;Displays;History;Mobile handsets;Personal communication networks;Personal
	digital assistants;Robustness;Virtual reality;Augmented Reality;Mobile
	Phones;Pose Tracking}
}

@INPROCEEDINGS{Wexler_2002,
  author = {Wexler, Yonatan and Fitzgibbon, Andrew. W. and Zisserman, Andrew.},
  title = {Image-based Environment Matting},
  booktitle = {Proceedings of the 13th Eurographics Workshop on Rendering},
  year = {2002},
  series = {EGRW '02},
  pages = {279--290},
  address = {Aire-la-Ville, Switzerland, Switzerland},
  publisher = {Eurographics Association},
  acmid = {581932},
  isbn = {1-58113-534-3},
  location = {Pisa, Italy},
  numpages = {12},
  url = {http://dl.acm.org/citation.cfm?id=581896.581932}
}

@ARTICLE{Zhang_2000,
  author = {Zhang, Zhengyou},
  title = {A Flexible New Technique for Camera Calibration},
  journal = {IEEE Trans. Pattern Anal. Mach. Intell.},
  year = {2000},
  volume = {22},
  pages = {1330--1334},
  number = {11},
  month = nov,
  acmid = {357025},
  address = {Washington, DC, USA},
  doi = {10.1109/34.888718},
  issn = {0162-8828},
  issue_date = {November 2000},
  keywords = {Camera calibration, calibration from planes, 2D pattern, flexible
	plane-based calibration, absolute conic, projective mapping, lens
	distortion, closed-form solution, maximum likelihood estimation,
	flexible setup.},
  numpages = {5},
  publisher = {IEEE Computer Society},
  url = {http://dx.doi.org/10.1109/34.888718}
}

@INPROCEEDINGS{Zhou_2008,
  author = {Feng Zhou and Duh, Henry Been-Lirn and Billinghurst, Mark},
  title = {Trends in Augmented Reality Tracking, Interaction and Display: A
	Review of Ten Years of ISMAR},
  booktitle = {Proceedings of the 7th IEEE/ACM International Symposium on Mixed
	and Augmented Reality},
  year = {2008},
  series = {ISMAR '08},
  pages = {193--202},
  address = {Washington, DC, USA},
  publisher = {IEEE Computer Society},
  acmid = {1605333},
  doi = {10.1109/ISMAR.2008.4637362},
  isbn = {978-1-4244-2840-3},
  numpages = {10},
  url = {http://dx.doi.org/10.1109/ISMAR.2008.4637362}
}

@INPROCEEDINGS{Zongker_1999,
  author = {Zongker, Douglas E. and Werner, Dawn M. and Curless, Brian and Salesin,
	David H.},
  title = {Environment Matting and Compositing},
  booktitle = {Proceedings of the 26th Annual Conference on Computer Graphics and
	Interactive Techniques},
  year = {1999},
  series = {SIGGRAPH '99},
  pages = {205--214},
  address = {New York, NY, USA},
  publisher = {ACM Press/Addison-Wesley Publishing Co.},
  acmid = {311558},
  doi = {10.1145/311535.311558},
  isbn = {0-201-48560-5},
  keywords = {alpha channel, augmented reality, blue spill, blue-screen matting,
	clip art, colored transparency, environment map, environment matte,
	image-based rendering, interactive lighting design, reflection, refraction},
  numpages = {10},
  url = {http://dx.doi.org/10.1145/311535.311558}
}


@inproceedings{Mohan_2005,
 author = {Mohan, Ankit and Tumblin, Jack and Bodenheimer, Bobby and Grimm, Cindy and Bailey, Reynold},
 title = {Table-top Computed Lighting for Practical Digital Photography},
 booktitle = {Proceedings of the Sixteenth Eurographics Conference on Rendering Techniques},
 series = {EGSR'05},
 year = {2005},
 isbn = {3-905673-23-1},
 location = {Konstanz, Germany},
 pages = {165--172},
 numpages = {8},
 url = {http://dx.doi.org/10.2312/EGWR/EGSR05/165-172},
 doi = {10.2312/EGWR/EGSR05/165-172},
 acmid = {2383678},
 publisher = {Eurographics Association},
 address = {Aire-la-Ville, Switzerland, Switzerland},
}

%@article{Gross_2003,
% author = {Gross, Markus and W\"{u}rmlin, Stephan and Naef, Martin and Lamboray, Edouard and Spagno, Christian and Kunz, Andreas and Koller-Meier, Esther and Svoboda, Tomas and Van Gool, Luc and Lang, Silke and Strehlke, Kai and Moere, Andrew Vande and Staadt, Oliver},
% title = {Blue-c: A Spatially Immersive Display and 3D Video Portal for Telepresence},
% journal = {ACM Trans. Graph.},
% issue_date = {July 2003},
% volume = {22},
% number = {3},
% month = jul,
% year = {2003},
% issn = {0730-0301},
% pages = {819--827},
% numpages = {9},
% url = {http://doi.acm.org/10.1145/882262.882350},
% doi = {10.1145/882262.882350},
% acmid = {882350},
% publisher = {ACM},
% address = {New York, NY, USA},
% keywords = {3D Video, graphics hardware, real-time graphics, spatially immersive displays, virtual environments},
%} 


%@OTHER{Haeberli,
%  author = {Haeberli, Paul},
%  timestamp = {2013.09.26},
%  url = {http://www.graficaobscura.com/synth/index.html}
%}


%@inproceedings{Okabe_2006,
% author = {Okabe, Makoto and Matsushita, Yasuyuki and Igarashi, Takeo and Shum, Heung-Yeung},
% title = {Illumination Brush: Interactive Design of Image-based Lighting},
% booktitle = {ACM SIGGRAPH 2006 Research Posters},
% series = {SIGGRAPH '06},
% year = {2006},
% isbn = {1-59593-364-6},
% location = {Boston, Massachusetts},
% articleno = {141},
% url = {http://doi.acm.org/10.1145/1179622.1179786},
% doi = {10.1145/1179622.1179786},
% acmid = {1179786},
% publisher = {ACM},
% address = {New York, NY, USA},
%} 

@book{Reinhard_2005,
 author = {Reinhard, Erik and Ward, Greg and Pattanaik, Sumanta and Debevec, Paul},
 title = {High Dynamic Range Imaging: Acquisition, Display, and Image-Based Lighting (The Morgan Kaufmann Series in Computer Graphics)},
 year = {2005},
 isbn = {0125852630},
 publisher = {Morgan Kaufmann Publishers Inc.},
 address = {San Francisco, CA, USA},
 edition = {1st},
} 

@inproceedings{Anrys_2004,
  title={Image based lighting design},
  author={Anrys, Frederik and Dutr{\'e}, Philip and Willems, YD},
  booktitle={the 4th IASTED International Conference on Visualization, Imaging, and Image Processing},
  pages={15},
  year={2004}
}



@INPROCEEDINGS{Mitsunaga_1999,
 author={Mitsunaga, T. and Nayar, S.K.},
 booktitle={Computer Vision and Pattern Recognition, 1999. IEEE Computer Society Conference on.},
 title={Radiometric self calibration},
 year={1999},
 month={},
 volume={1},
 pages={-380 Vol. 1},
 keywords={calibration;computer vision;video cameras;F-number settings;aperture setting;arbitrary scene;exposure ratios;imaging system;noisy synthetic images;radiometric response function;radiometric self calibration;response function;rough estimates;shutter speed;temporal scene variations;video cameras;vignetting effects;Apertures;Calibration;Cameras;Dynamic range;Fuses;Layout;Lenses;Radiometry;Robustness;Testing},
 doi={10.1109/CVPR.1999.786966},
 ISSN={1063-6919},
}


@book{Akenine_2011,
  title={Real-Time Rendering},
  author={Akenine-M{\"o}ller, Tomas and Haines, Eric and Hoffman, Naty},
  year={2011},
  publisher={CRC Press},
  edition={3rd},
  isbn={978-1568814247}
}

@inproceedings{Masselus_2002,
 author = {Masselus, Vincent and Dutr{\'e}, Philip and Anrys, Frederik},
 title = {The Free-form Light Stage},
 booktitle = {ACM SIGGRAPH 2002 Conference Abstracts and Applications},
 series = {SIGGRAPH '02},
 year = {2002},
 isbn = {1-58113-525-4},
 location = {San Antonio, Texas},
 pages = {262--262},
 numpages = {1},
 url = {http://doi.acm.org/10.1145/1242073.1242275},
 doi = {10.1145/1242073.1242275},
 acmid = {1242275},
 publisher = {ACM},
 address = {New York, NY, USA},
} 


@inproceedings{Drago_2003,
  title={Adaptive logarithmic mapping for displaying high contrast scenes},
  author={Drago, Fr{\'e}d{\'e}ric and Myszkowski, Karol and Annen, Thomas and Chiba, Norishige},
  booktitle={Computer Graphics Forum},
  volume={22},
  pages={419--426},
  year={2003},
  organization={Wiley Online Library}
  doi={10.1111/1467-8659.00689}
}


@MISC{pfstools,
 key={01},
 title={pfstools - HDR Image Manipulation Library},
 url = {http://pfstools.sourceforge.net}
}
@MISC{pfstmo,
 key={02},
 title={pfstmo - Tone Mapping Library},
 url = {http://pfstools.sourceforge.net}}
}

@MISC{pfscalibration,
 key={03},
 title={pfscalibration - Camera Calibration},
 url = {http://pfstools.sourceforge.net}}
}

@MISC{lightprobe_gallery,
 key={04},
 title={High-Resolution Light Probe Image Gallery},
 url={http://gl.ict.usc.edu/Data/HighResProbes}
}

@MISC{opencv,
 key={05},
 title={OpenCV - Open Source Computer Vision Library},
 url={http://opencv.org}
}
@MISC{camera_matrix,
 key={06},
 title={OpenCV - Camera Calibration and 3d Reconstruction},
 url={http://docs.opencv.org/modules/calib3d/doc/camera_calibration_and_3d_reconstruction.html}
}


@MISC{hue,
 key={07},
 title={Philips Hue - Wireless LED Lamps},
 url={http://meethue.com}
}

@MISC{artoolkit,
 key={08},
 title={ARToolKit - Augmented Reality Software Library},
 url={http://artoolkit.sourceforge.net}
}

@MISC{gphoto2,
 key={09},
 title={gPhoto2 - Digital Camera Software},
 url={http://gphoto.sourceforge.net}
}

@MISC{openexr,
 key={10},
 title={OpenEXR HDR Image File Format},
 url={http://www.openexr.com}
}

@MISC{dcraw,
 key={11},
 title={dcraw - Decoding raw digital photos in linux},
 url={http://www.cybercom.net/~dcoffin/dcraw}
}



@MISC{convert,
 key={12},
 title={ImageMagick convert},
 url={http://www.imagemagick.org/script/convert.php}
}

@MISC{gcc,
 key={13},
 title={GNU Compiler Collection},
 url={https://gcc.gnu.org/}
}

